@phdthesis{deuschle2019,
    author = {Deuschle, William J.},
    title = {{Undergraduate Fundamentals of Machine Learning}},
    school = {Harvard College},
    year = {2019},
    type = {Bachelor's thesis},
    url = {https://nrs.harvard.edu/URN-3:HUL.INSTREPOS:37364585}
}

@ARTICLE{kushawahAndYadav2016,
    author = {Kushawah, Yogiraj Singh
        and Yadav, Ashish Mohan},
    title = {{A Survey on Unsupervised Clustering Algorithm based on K-Means Clustering}},
    journal = {{International Journal of Computer Applications}},
    volume = {156},
    number = {8},
    pages = {6--9},
    year = {2016},
    doi = {10.5120/ijca2016912481},
    url = {https://ijcaonline.org/archives/volume156/number8/26727-2016912481/},
    publisher = {Foundation of Computer Science (FCS), NY, USA},
    address = {New York, USA}
}

@MISC{IDC_Statista_2024,
    author = {IDC and Statista},
    title = {{Volumen der weltweit erstellten, erfassten, kopierten und konsumierten Daten von 2010 bis 2028}},
    year = {2024},
    url = {https://de.statista.com/statistik/daten/studie/1420298/umfrage/prognose-weltweites-erstelltes-datenvolumen/},
    note = {[Online; last accessed on March 15, 2025]}
}

@ARTICLE{Jain2010651,
    author = {Jain, Anil K.},
    title = {{Data clustering: 50 years beyond K-means}},
    journal = {{Pattern Recognition Letters}},
    volume = {31},
    number = {8},
    pages = {651--666},
    year = {2010},
    doi = {10.1016/j.patrec.2009.09.011},
    url = {https://www.sciencedirect.com/science/article/pii/S0167865509002323}
}

@ARTICLE{Ezugwu2022104743,
    author = {Ezugwu, Absalom E.
        and Ikotun, Abiodun M.
        and Oyelade, Olaide O.
        and Abualigah, Laith
        and Agushaka, Jeffery O.
        and Eke, Christopher I.
        and Akinyelu, Andronicus A.},
    title = {{A comprehensive survey of clustering algorithms: State-of-the-art machine learning applications, taxonomy, challenges, and future research prospects}},
    journal = {{Engineering Applications of Artificial Intelligence}},
    volume = {110},
    pages = {104743},
    year = {2022},
    doi = {10.1016/j.engappai.2022.104743},
    url = {https://www.sciencedirect.com/science/article/pii/S095219762200046X}
}

@ARTICLE{Joshi2015,
    author = {Joshi, Kapil
        and Gupta, Himanshu
        and Chaudhary, Prashant
        and Sharma, Punit},
    title = {{Survey on Different Enhanced K-Means Clustering Algorithm}},
    journal = {{International Journal of Engineering Trends and Technology (IJETT)}},
    volume = {27},
    number = {4},
    pages = {178--182},
    year = {2015},
    doi = {10.14445/22315381/IJETT-V27P233},
    url = {https://ijettjournal.org/archive/ijett-v27p233}
}

@ARTICLE{Morissette2013,
    author = {Morissette, Laurence
        and Chartier, Sylvain},
    title = {{The k-means clustering technique: General considerations and implementation in Mathematica}},
    journal = {{Tutorials in Quantitative Methods for Psychology}},
    volume = {9},
    number = {1},
    pages = {15--24},
    year = {2013},
    doi = {10.20982/tqmp.09.1.p015},
    url = {http://www.tqmp.org/RegularArticles/vol09-1/p015/p015.pdf}
}

@MISC{Amidi2018,
    author = {Amidi, Afshine
        and Amidi, Shervine},
    title = {{Stanford CS 229 Machine Learning Cheatsheets}},
    year = {2018},
    url = {https://github.com/afshinea/stanford-cs-229-machine-learning},
    note = {Licensed under MIT License}
}

@ARTICLE{Bhargav2016,
    author = {Bhargav, Sushant
        and Pawar, Mahesh},
    title = {{A Review of Clustering Methods forming Non-Convex clusters with, Missing and Noisy Data}},
    journal = {{International Journal of Computer Sciences and Engineering}},
    volume = {3},
    pages = {39--44},
    year = {2016},
}

@DATASET{KaggleMallDataset,
    author = {Kaggle},
    title = {{Mall Customer Segmentation Data}},
    year = {2018},
    url = {https://www.kaggle.com/datasets/vjchoudhary7/customer-segmentation-tutorial-in-python},
    note = {[Online; last accessed on March 19, 2025]}
}

@ARTICLE{FRANTI201995,
    author = {Fränti, Pasi
        and Sieranoja, Sami},
    title = {{How much can k-means be improved by using better initialization and repeats?}},
    journal = {{Pattern Recognition}},
    volume = {93},
    pages = {95--112},
    year = {2019},
    doi = {10.1016/j.patcog.2019.04.014},
    url = {https://www.sciencedirect.com/science/article/pii/S0031320319301608}
}

@INPROCEEDINGS{Abdullah10601123,
    author = {İhsanoğlu, Abdullah
        and Zaval, Mounes},
    title = {{Statistically Improving K-means Clustering Performance}},
    booktitle = {{2024 32nd Signal Processing and Communications Applications Conference (SIU)}},
    pages = {1--4},
    year = {2024},
    doi = {10.1109/SIU61531.2024.10601123},
    address = {Turkey}
}

@ARTICLE{ClusteringDatasets,
    author = {Fr\"anti, Pasi
        and Sieranoja, Sami},
    title = {{K-means properties on six clustering benchmark datasets}},
    journal = {{Applied Intelligence}},
    volume = {48},
    number = {12},
    pages = {4743--4759},
    year = {2018},
    url = {https://cs.uef.fi/sipu/datasets/},
    note = {[Online; last accessed on April 6, 2025]}
}
